@book{historyofmathematics,
title={A History of Mathematics, 3rd Edition},
author={Victor J. Katz},
year={2009},
publisher={Pearson Education Inc.},
}

@book{drunk,
title={The Drunkard's Walk: How Randomness Rules Our Lives},
author={Leonard Mlodinov},
year={2008},
publisher={Pantheon Books},
}

@book{sleepwalker,
title={The Sleepwalkers: A History of Man's Changing Vision of the Universe},
author={Koestler, Arthur},
year={1990},
publisher={London, Penguin Books},
}

@article{physics,
title={Self-Organizing Systems in Planetary Physics: Harmonic Resonances of Planet and Moon Orbits},
author={Markus J. Aschwander},
year={2018},
publisher={New Astronomy},
}

@book{heirs,
title={ The Astronomical Revolution},
author={ Alexandre Koyré },
pages={ pp. 131–140; pp. 277–279},
year={1973},
publisher={Dover Publications},
}

@book{elevator,
title={"The Audacious Space Elevator"},
author={NASA Science News},
year={2008},
}

@book{rocket,
title={ "The Exploration of Cosmic Space by Means of Reaction Devices "},
author={Tsiolkovsky, Konstantin},
year={1903},
publisher={The Science Review},
}

@book{newton,
title={Philosophiae Naturalis
Principia Mathematica},
author={Isaac Newton},
year={1687}
}